%YAML 1.1
%TAG !u! tag:unity3d.com,2011:
--- !u!1 &966644726393548522
GameObject:
  m_ObjectHideFlags: 0
  m_CorrespondingSourceObject: {fileID: 0}
  m_PrefabInstance: {fileID: 0}
  m_PrefabAsset: {fileID: 0}
  serializedVersion: 6
  m_Component:
  - component: {fileID: 38045131273244376}
  - component: {fileID: 4250664093748743091}
  - component: {fileID: 6815907139848187178}
  m_Layer: 5
  m_Name: Icon
  m_TagString: Untagged
  m_Icon: {fileID: 0}
  m_NavMeshLayer: 0
  m_StaticEditorFlags: 0
  m_IsActive: 1
--- !u!224 &38045131273244376
RectTransform:
  m_ObjectHideFlags: 0
  m_CorrespondingSourceObject: {fileID: 0}
  m_PrefabInstance: {fileID: 0}
  m_PrefabAsset: {fileID: 0}
  m_GameObject: {fileID: 966644726393548522}
  m_LocalRotation: {x: -0, y: -0, z: -0, w: 1}
  m_LocalPosition: {x: 0, y: 0, z: 0}
  m_LocalScale: {x: 1, y: 1, z: 1}
  m_Children: []
  m_Father: {fileID: 8296320736183631302}
  m_RootOrder: 1
  m_LocalEulerAnglesHint: {x: 0, y: 0, z: 0}
  m_AnchorMin: {x: 0, y: 0}
  m_AnchorMax: {x: 1, y: 1}
  m_AnchoredPosition: {x: 0, y: 0}
  m_SizeDelta: {x: 0, y: 0}
  m_Pivot: {x: 0.5, y: 0.5}
--- !u!222 &4250664093748743091
CanvasRenderer:
  m_ObjectHideFlags: 0
  m_CorrespondingSourceObject: {fileID: 0}
  m_PrefabInstance: {fileID: 0}
  m_PrefabAsset: {fileID: 0}
  m_GameObject: {fileID: 966644726393548522}
  m_CullTransparentMesh: 1
--- !u!114 &6815907139848187178
MonoBehaviour:
  m_ObjectHideFlags: 0
  m_CorrespondingSourceObject: {fileID: 0}
  m_PrefabInstance: {fileID: 0}
  m_PrefabAsset: {fileID: 0}
  m_GameObject: {fileID: 966644726393548522}
  m_Enabled: 1
  m_EditorHideFlags: 0
  m_Script: {fileID: 11500000, guid: 1344c3c82d62a2a41a3576d8abb8e3ea, type: 3}
  m_Name: 
  m_EditorClassIdentifier: 
  m_Material: {fileID: 0}
  m_Color: {r: 1, g: 1, b: 1, a: 1}
  m_RaycastTarget: 1
  m_RaycastPadding: {x: 0, y: 0, z: 0, w: 0}
  m_Maskable: 1
  m_OnCullStateChanged:
    m_PersistentCalls:
      m_Calls: []
  m_Texture: {fileID: 2800000, guid: 0f89ac4e95695344084619044df7c880, type: 3}
  m_UVRect:
    serializedVersion: 2
    x: 0
    y: 0
    width: 1
    height: 1
--- !u!1 &8296320736183631301
GameObject:
  m_ObjectHideFlags: 0
  m_CorrespondingSourceObject: {fileID: 0}
  m_PrefabInstance: {fileID: 0}
  m_PrefabAsset: {fileID: 0}
  serializedVersion: 6
  m_Component:
  - component: {fileID: 8296320736183631302}
  - component: {fileID: 8296320736183631304}
  - component: {fileID: 2672634320100924594}
  m_Layer: 5
  m_Name: GemItem_5
  m_TagString: Untagged
  m_Icon: {fileID: 0}
  m_NavMeshLayer: 0
  m_StaticEditorFlags: 0
  m_IsActive: 1
--- !u!224 &8296320736183631302
RectTransform:
  m_ObjectHideFlags: 0
  m_CorrespondingSourceObject: {fileID: 0}
  m_PrefabInstance: {fileID: 0}
  m_PrefabAsset: {fileID: 0}
  m_GameObject: {fileID: 8296320736183631301}
  m_LocalRotation: {x: 0, y: 0, z: 0, w: 1}
  m_LocalPosition: {x: 0, y: 0, z: 0}
  m_LocalScale: {x: 1, y: 1, z: 1}
  m_Children:
  - {fileID: 1034686745107800446}
  - {fileID: 38045131273244376}
  m_Father: {fileID: 0}
  m_RootOrder: 0
  m_LocalEulerAnglesHint: {x: 0, y: 0, z: 0}
  m_AnchorMin: {x: 0.5, y: 0.5}
  m_AnchorMax: {x: 0.5, y: 0.5}
  m_AnchoredPosition: {x: 0, y: 0}
  m_SizeDelta: {x: 200, y: 200}
  m_Pivot: {x: 0.5, y: 0.5}
--- !u!222 &8296320736183631304
CanvasRenderer:
  m_ObjectHideFlags: 0
  m_CorrespondingSourceObject: {fileID: 0}
  m_PrefabInstance: {fileID: 0}
  m_PrefabAsset: {fileID: 0}
  m_GameObject: {fileID: 8296320736183631301}
  m_CullTransparentMesh: 1
--- !u!114 &2672634320100924594
MonoBehaviour:
  m_ObjectHideFlags: 0
  m_CorrespondingSourceObject: {fileID: 0}
  m_PrefabInstance: {fileID: 0}
  m_PrefabAsset: {fileID: 0}
  m_GameObject: {fileID: 8296320736183631301}
  m_Enabled: 1
  m_EditorHideFlags: 0
  m_Script: {fileID: 11500000, guid: 2c4cc9cb350fc554b8cd4844c6bd51b6, type: 3}
  m_Name: 
  m_EditorClassIdentifier: 
  colorForBackground: {r: 0.2432805, g: 0.4745724, b: 0.6698113, a: 1}
  itemBackground: {fileID: 5336981964856001208}
  typeName: 
  blinkingGameObject: {fileID: 3435641873963413573}
--- !u!1001 &5469872075565591757
PrefabInstance:
  m_ObjectHideFlags: 0
  serializedVersion: 2
  m_Modification:
    m_TransformParent: {fileID: 8296320736183631302}
    m_Modifications:
    - target: {fileID: 5022377460702825907, guid: 32d426557fded824da261fdb5e78ad4d, type: 3}
      propertyPath: m_Pivot.x
      value: 0.5
      objectReference: {fileID: 0}
    - target: {fileID: 5022377460702825907, guid: 32d426557fded824da261fdb5e78ad4d, type: 3}
      propertyPath: m_Pivot.y
      value: 0.5
      objectReference: {fileID: 0}
    - target: {fileID: 5022377460702825907, guid: 32d426557fded824da261fdb5e78ad4d, type: 3}
      propertyPath: m_RootOrder
      value: 0
      objectReference: {fileID: 0}
    - target: {fileID: 5022377460702825907, guid: 32d426557fded824da261fdb5e78ad4d, type: 3}
      propertyPath: m_AnchorMax.x
      value: 1
      objectReference: {fileID: 0}
    - target: {fileID: 5022377460702825907, guid: 32d426557fded824da261fdb5e78ad4d, type: 3}
      propertyPath: m_AnchorMax.y
      value: 1
      objectReference: {fileID: 0}
    - target: {fileID: 5022377460702825907, guid: 32d426557fded824da261fdb5e78ad4d, type: 3}
      propertyPath: m_AnchorMin.x
      value: 0
      objectReference: {fileID: 0}
    - target: {fileID: 5022377460702825907, guid: 32d426557fded824da261fdb5e78ad4d, type: 3}
      propertyPath: m_AnchorMin.y
      value: 0
      objectReference: {fileID: 0}
    - target: {fileID: 5022377460702825907, guid: 32d426557fded824da261fdb5e78ad4d, type: 3}
      propertyPath: m_SizeDelta.x
      value: 0
      objectReference: {fileID: 0}
    - target: {fileID: 5022377460702825907, guid: 32d426557fded824da261fdb5e78ad4d, type: 3}
      propertyPath: m_SizeDelta.y
      value: 0
      objectReference: {fileID: 0}
    - target: {fileID: 5022377460702825907, guid: 32d426557fded824da261fdb5e78ad4d, type: 3}
      propertyPath: m_LocalPosition.x
      value: 0
      objectReference: {fileID: 0}
    - target: {fileID: 5022377460702825907, guid: 32d426557fded824da261fdb5e78ad4d, type: 3}
      propertyPath: m_LocalPosition.y
      value: 0
      objectReference: {fileID: 0}
    - target: {fileID: 5022377460702825907, guid: 32d426557fded824da261fdb5e78ad4d, type: 3}
      propertyPath: m_LocalPosition.z
      value: 0
      objectReference: {fileID: 0}
    - target: {fileID: 5022377460702825907, guid: 32d426557fded824da261fdb5e78ad4d, type: 3}
      propertyPath: m_LocalRotation.w
      value: 1
      objectReference: {fileID: 0}
    - target: {fileID: 5022377460702825907, guid: 32d426557fded824da261fdb5e78ad4d, type: 3}
      propertyPath: m_LocalRotation.x
      value: -0
      objectReference: {fileID: 0}
    - target: {fileID: 5022377460702825907, guid: 32d426557fded824da261fdb5e78ad4d, type: 3}
      propertyPath: m_LocalRotation.y
      value: -0
      objectReference: {fileID: 0}
    - target: {fileID: 5022377460702825907, guid: 32d426557fded824da261fdb5e78ad4d, type: 3}
      propertyPath: m_LocalRotation.z
      value: -0
      objectReference: {fileID: 0}
    - target: {fileID: 5022377460702825907, guid: 32d426557fded824da261fdb5e78ad4d, type: 3}
      propertyPath: m_AnchoredPosition.x
      value: 0
      objectReference: {fileID: 0}
    - target: {fileID: 5022377460702825907, guid: 32d426557fded824da261fdb5e78ad4d, type: 3}
      propertyPath: m_AnchoredPosition.y
      value: 0
      objectReference: {fileID: 0}
    - target: {fileID: 5022377460702825907, guid: 32d426557fded824da261fdb5e78ad4d, type: 3}
      propertyPath: m_LocalEulerAnglesHint.x
      value: 0
      objectReference: {fileID: 0}
    - target: {fileID: 5022377460702825907, guid: 32d426557fded824da261fdb5e78ad4d, type: 3}
      propertyPath: m_LocalEulerAnglesHint.y
      value: 0
      objectReference: {fileID: 0}
    - target: {fileID: 5022377460702825907, guid: 32d426557fded824da261fdb5e78ad4d, type: 3}
      propertyPath: m_LocalEulerAnglesHint.z
      value: 0
      objectReference: {fileID: 0}
    - target: {fileID: 7225244643647134856, guid: 32d426557fded824da261fdb5e78ad4d, type: 3}
      propertyPath: m_Name
      value: itemBackground
      objectReference: {fileID: 0}
    m_RemovedComponents: []
  m_SourcePrefab: {fileID: 100100000, guid: 32d426557fded824da261fdb5e78ad4d, type: 3}
--- !u!1 &3435641873963413573 stripped
GameObject:
  m_CorrespondingSourceObject: {fileID: 7225244643647134856, guid: 32d426557fded824da261fdb5e78ad4d, type: 3}
  m_PrefabInstance: {fileID: 5469872075565591757}
  m_PrefabAsset: {fileID: 0}
--- !u!224 &1034686745107800446 stripped
RectTransform:
  m_CorrespondingSourceObject: {fileID: 5022377460702825907, guid: 32d426557fded824da261fdb5e78ad4d, type: 3}
  m_PrefabInstance: {fileID: 5469872075565591757}
  m_PrefabAsset: {fileID: 0}
--- !u!114 &5336981964856001208 stripped
MonoBehaviour:
  m_CorrespondingSourceObject: {fileID: 141906810465611381, guid: 32d426557fded824da261fdb5e78ad4d, type: 3}
  m_PrefabInstance: {fileID: 5469872075565591757}
  m_PrefabAsset: {fileID: 0}
  m_GameObject: {fileID: 3435641873963413573}
  m_Enabled: 1
  m_EditorHideFlags: 0
  m_Script: {fileID: 11500000, guid: f26185b9a449aef4eb67bc28e112cebe, type: 3}
  m_Name: 
  m_EditorClassIdentifier: 
